@misc{ApacheJe75:online,
	author = {},
	title = {Apache Jena - Home},
	howpublished = {\url{https://jena.apache.org/}},
	month = {},
	year = {},
	note = {(Accessed on 04/28/2022)}
}

@misc{vemonetj43:online,
	author = {vemonet},
	title = {jena-riot-action: GitHub Action for Apache Jena riot tool},
	howpublished = {\url{https://github.com/vemonet/jena-riot-action}},
	month = {},
	year = {},
	note = {(Accessed on 04/28/2022)}
}
